@misc{rana_2023_deep,
  title     = {Mastering Stock Price Prediction Using Deep Learning Models: A Comprehensive Guide},
  author    = {Rana, Sohel},
  year      = {2023},
  howpublished = {\href{https://medium.com/@sohelrana.aiubPro/mastering-stock-price-prediction-using-deep-learning-models-a-comprehensive-guide-8884df010030}{Medium article}},
  note      = {Accessed: 2025-03-02}
}
