@book{sutton_2018_irl,
  title={Reinforcement Learning: An Introduction},
  author={Sutton, Richard S and Barto, Andrew G},
  year={2018},
  edition={Second},
  publisher={MIT Press},
  address={Cambridge, MA}
}